<record><leader>00000cas a2200000 a 4500</leader><controlfield tag="001">12305135</controlfield><controlfield tag="008">850725d18791902iludr ne      0   a0eng c</controlfield><datafield ind1=" " ind2=" " tag="010"><subfield code="a">sn 85038321 </subfield></datafield><datafield ind1=" " ind2=" " tag="040"><subfield code="a">NPY</subfield><subfield code="b">eng</subfield><subfield code="c">NPY</subfield><subfield code="d">NPA</subfield><subfield code="d">NPI</subfield><subfield code="d">NPW</subfield><subfield code="d">DLC</subfield><subfield code="d">NVF</subfield><subfield code="d">MQN</subfield><subfield code="d">NVF</subfield><subfield code="d">KNP</subfield><subfield code="d">NVF</subfield><subfield code="d">MGN</subfield><subfield code="d">CRL</subfield><subfield code="d">NVF</subfield><subfield code="d">CNK</subfield><subfield code="d">NVF</subfield><subfield code="d">CVF</subfield><subfield code="d">OBN</subfield><subfield code="d">NVF</subfield><subfield code="d">DLC</subfield><subfield code="d">NVF</subfield><subfield code="d">CUI</subfield><subfield code="d">NVF</subfield><subfield code="d">OCLCQ</subfield><subfield code="d">OCLCF</subfield><subfield code="d">NVF</subfield><subfield code="d">DLC</subfield><subfield code="d">OCLCO</subfield><subfield code="d">NVF</subfield><subfield code="d">OCLCO</subfield></datafield><datafield ind1=" " ind2=" " tag="042"><subfield code="a">pcc</subfield></datafield><datafield ind1=" " ind2=" " tag="043"><subfield code="a">n-us-il</subfield></datafield><datafield ind1="0" ind2="0" tag="050"><subfield code="a">Newspaper</subfield></datafield><datafield ind1=" " ind2="4" tag="050"><subfield code="a">AN</subfield></datafield><datafield ind1="0" ind2=" " tag="130"><subfield code="a">Daily inter ocean (Chicago, Ill.)</subfield></datafield><datafield ind1="1" ind2="4" tag="245"><subfield code="a">The daily inter ocean.</subfield></datafield><datafield ind1="1" ind2=" " tag="246"><subfield code="i">Published on Sundays as:</subfield><subfield code="a">Sunday inter ocean</subfield></datafield><datafield ind1="1" ind2="0" tag="246"><subfield code="a">Inter ocean</subfield></datafield><datafield ind1=" " ind2=" " tag="260"><subfield code="a">Chicago, Ill. :</subfield><subfield code="b">Inter Ocean Pub. Co.,</subfield><subfield code="c">1879-1902.</subfield></datafield><datafield ind1=" " ind2=" " tag="300"><subfield code="a">volumes</subfield></datafield><datafield ind1=" " ind2=" " tag="310"><subfield code="a">Daily</subfield></datafield><datafield ind1="0" ind2=" " tag="362"><subfield code="a">Vol. 8, no. 190 (Nov. 12, 1879)-v. 30, no. 301 (Jan. 19, 1902).</subfield></datafield><datafield ind1=" " ind2=" " tag="515"><subfield code="a">Continues the numbering of Inter ocean (Chicago, Ill. : 1872).</subfield></datafield><datafield ind1=" " ind2=" " tag="515"><subfield code="a">Issues for Nov. 12, 1879-May 8, 1891 called also whole no. 2413-7132.</subfield></datafield><datafield ind1=" " ind2=" " tag="515"><subfield code="a">Sunday issues included in numbering beginning v. 7, no. 25 (Apr. 22, 1883).</subfield></datafield><datafield ind1=" " ind2=" " tag="525"><subfield code="a">Includes illustrated supplement, &lt;Aug. 21, 1892-Dec. 17, 1893&gt;</subfield></datafield><datafield ind1=" " ind2=" " tag="530"><subfield code="a">Available on microfilm;</subfield><subfield code="b">Library of Congress, Photoduplication Service.</subfield></datafield><datafield ind1=" " ind2=" " tag="580"><subfield code="a">Semiweekly ed.: Semi-weekly inter ocean, 1879-&lt;1893&gt;</subfield></datafield><datafield ind1=" " ind2="0" tag="651"><subfield code="a">Chicago (Ill.)</subfield><subfield code="v">Newspapers.</subfield></datafield><datafield ind1=" " ind2="7" tag="651"><subfield code="a">Illinois</subfield><subfield code="z">Chicago.</subfield><subfield code="2">fast</subfield><subfield code="0">(OCoLC)fst01204048</subfield></datafield><datafield ind1=" " ind2="7" tag="655"><subfield code="a">Newspapers.</subfield><subfield code="2">fast</subfield><subfield code="0">(OCoLC)fst01423814</subfield></datafield><datafield ind1="1" ind2=" " tag="700"><subfield code="a">Wells-Barnett, Ida B.,</subfield><subfield code="d">1862-1931,</subfield><subfield code="e">contributor.</subfield></datafield><datafield ind1=" " ind2=" " tag="752"><subfield code="a">United States</subfield><subfield code="b">Illinois</subfield><subfield code="c">Cook County</subfield><subfield code="d">Chicago.</subfield></datafield><datafield ind1="0" ind2=" " tag="775"><subfield code="t">Weekly inter ocean</subfield><subfield code="w">(DLC)sn 82016390</subfield><subfield code="w">(OCoLC)9307710</subfield></datafield><datafield ind1="1" ind2=" " tag="775"><subfield code="t">Semi-weekly inter ocean</subfield><subfield code="w">(DLC)sn 82016467</subfield><subfield code="w">(OCoLC)9347218</subfield></datafield><datafield ind1="0" ind2="8" tag="776"><subfield code="i">Online version:</subfield><subfield code="t">Daily inter ocean (Chicago, Ill. : Online)</subfield><subfield code="w">(OCoLC)607403031</subfield></datafield><datafield ind1="0" ind2="5" tag="780"><subfield code="t">Our herald (Lafayette, Ind.)</subfield><subfield code="w">(DLC)sn 86059110</subfield><subfield code="w">(OCoLC)14943650</subfield></datafield><datafield ind1="0" ind2="0" tag="780"><subfield code="t">Inter ocean (Chicago, Ill. : 1872)</subfield><subfield code="w">(DLC)sn 83045109</subfield><subfield code="w">(OCoLC)9316238</subfield></datafield><datafield ind1="0" ind2="0" tag="785"><subfield code="t">Inter ocean (Chicago, Ill. : 1902)</subfield><subfield code="w">(DLC)sn 85038322</subfield><subfield code="w">(OCoLC)12037461</subfield></datafield></record>